@article{shimizu, title={Location system for dementia wandering}, volume={2}, DOI={10.1109/iembs.2000.898039}, journal={Proceedings of the 22nd Annual International Conference of the IEEE Engineering in Medicine and Biology Society (Cat. No.00CH37143)}, author={Shimizu, K. and Kawamura, K. and Yamamoto, K.}, year={2000}, pages={1556–1559}}

@article{sposaro, title={iWander: An Android application for dementia patients}, DOI={10.1109/iembs.2010.5627669}, journal={2010 Annual International Conference of the IEEE Engineering in Medicine and Biology}, author={Sposaro, F and Danielson, J and Tyson, G}, year={2010}}

@article{bail, title={Electronic tagging of people with dementia}, volume={326}, DOI={10.1136/bmj.326.7383.281}, number={7383}, journal={Bmj}, author={Bail, K. D}, year={2003}, month={Jan}, pages={281–281}}

@article{robinson, title={Balancing rights and risks: Conflicting perspectives in the management of wandering in dementia}, volume={9}, DOI={10.1080/13698570701612774}, number={4}, journal={Health, Risk \& Society}, author={Robinson, L. and Hutchings, D. and Corner, L. and Finch, T. and Hughes, J. and Brittain, K. and Bond, J.}, year={2007}, pages={389–406}}

@article{chawathe, title={Beacon Placement for Indoor Localization using Bluetooth}, DOI={10.1109/itsc.2008.4732690}, journal={2008 11th International IEEE Conference on Intelligent Transportation Systems}, author={Chawathe, Sudarshan S.}, year={2008}}

@article{schmalenstroeer, title={Investigations into Bluetooth low energy localization precision limits}, DOI={10.1109/eusipco.2016.7760329}, journal={2016 24th European Signal Processing Conference (EUSIPCO)}, author={Schmalenstroeer, Joerg and Haeb-Umbach, Reinhold}, year={2016}}

@article{ng, title={From “Where I am” to “Here I am”: Accuracy study on location-based services with iBeacon technology}, volume={22}, DOI={10.1080/1023697x.2015.1009411}, number={1}, journal={HKIE Transactions}, author={Ng, Tsz Ming}, year={2015}, month={Feb}, pages={23–31}}

@article{MPR, title={A Call to Action: Maine’s Colleges and Universities Respond to an Aging Population}, volume={24}, number={2},journal={Maine Policy Review}, author={Hecker, Jeffery E. and Marilyn R. Gugliucci}, year={2015}, pages={36-41}}

@article{wong, title={An AGPS-based elderly tracking system}, DOI={10.1109/icufn.2009.5174293}, journal={2009 First International Conference on Ubiquitous and Future Networks}, author={Wong, Albert Kai-Sun and Woo, Tim Kam and Lee, Albert Ting-Leung and Xiao, Xiaoming and Luk, Vincent Wing-Hei and Cheng, Kwok Wai}, year={2009}}

@misc{henry, title={Most Popular Calendaring Application: Google Calendar}, url={https://lifehacker.com/5816306/most-popular-calendaring-application-google-calendar}, journal={Lifehacker}, publisher={lifehacker.com}, author={Henry, Alan}, year={2011}, month={Jun}}

@misc{bluecats, title={Coin Beacon | BlueCats mobile beacon}, url={https://www.bluecats.com/coin-mobile-beacon/}, journal={BlueCats.com | BlueCats Beacons}}